<?xml version="1.0" encoding="UTF-8"?><record xmlns="http://www.loc.gov/MARC21/slim" xmlns:cinclude="http://apache.org/cocoon/include/1.0" xmlns:zs="http://www.loc.gov/zing/srw/">
  <leader>01068cz  a2200241n  4500</leader>
  <controlfield tag="001">no 98074082 </controlfield>
  <controlfield tag="003">DLC</controlfield>
  <controlfield tag="005">20081025081838.0</controlfield>
  <controlfield tag="008">980324nn acannaabn          |b aaa     c</controlfield>
  <datafield tag="010" ind1=" " ind2=" ">
    <subfield code="a">no 98074082 </subfield>
  </datafield>
  <datafield tag="035" ind1=" " ind2=" ">
    <subfield code="a">(OCoLC)oca04689832</subfield>
  </datafield>
  <datafield tag="040" ind1=" " ind2=" ">
    <subfield code="a">WaBeW</subfield>
    <subfield code="b">eng</subfield>
    <subfield code="c">WaBeW</subfield>
    <subfield code="d">OCoLC</subfield>
    <subfield code="d">DLC</subfield>
    <subfield code="d">OCoLC</subfield>
  </datafield>
  <datafield tag="100" ind1="1" ind2=" ">
    <subfield code="a">Yang, Ho-Chin</subfield>
  </datafield>
  <datafield tag="400" ind1="1" ind2=" ">
    <subfield code="a">Yang, Hejin</subfield>
  </datafield>
  <datafield tag="400" ind1="1" ind2=" ">
    <subfield code="a">杨和晋</subfield>
  </datafield>
  <datafield tag="400" ind1="1" ind2=" ">
    <subfield code="a">楊和晉</subfield>
  </datafield>
  <datafield tag="400" ind1="1" ind2=" ">
    <subfield code="a">楊和晋</subfield>
  </datafield>
  <datafield tag="667" ind1=" " ind2=" ">
    <subfield code="a">Machine-derived non-Latin script reference project.</subfield>
  </datafield>
  <datafield tag="667" ind1=" " ind2=" ">
    <subfield code="a">Non-Latin script references not evaluated.</subfield>
  </datafield>
  <datafield tag="670" ind1=" " ind2=" ">
    <subfield code="a">The annals of Kokonor, 1970:</subfield>
    <subfield code="b">t.p. (Ho-Chin Yang)</subfield>
  </datafield>
  <datafield tag="670" ind1=" " ind2=" ">
    <subfield code="a">LC in OCLC, Mar. 24, 1998</subfield>
    <subfield code="b">(hdg.: Yang, Ho-Chin; usage: Ho-Chin Yang)</subfield>
  </datafield>
  <datafield tag="670" ind1=" " ind2=" ">
    <subfield code="a">WaBeW files</subfield>
    <subfield code="b">(hdg.: Yang, Ho-Chin; usage: Ho-Chin Yang; Ho-chin Yang; b. Jan 24, 1938, Jui-chin hsien, Kiangsi Province, China; restauranteur, Bellingham, Wash.; part-time instructor at Western Wash. Univ.; M.A. in Tibetan lang. &amp; lit., Univ. of Wash., 1967; Ph.D., Univ. of Wash., 1994)</subfield>
  </datafield>
  <datafield tag="670" ind1=" " ind2=" ">
    <subfield code="a">Xizang shi wo de jia, 2000:</subfield>
    <subfield code="b">t.p. (Chinese translator: Yang Hejin)</subfield>
  </datafield>
</record>